

% Grundlegende Arbeiten zu Neuronalen Netzen
@article{rosenblatt1958,
  title={The perceptron: a probabilistic model for information storage and organization in the brain},
  author={Rosenblatt, Frank},
  journal={Psychological review},
  volume={65},
  number={6},
  pages={386--408},
  year={1958},
  publisher={American Psychological Association},
  doi={10.1037/h0042519}
}

@book{minsky1969,
  title={Perceptrons: An introduction to computational geometry},
  author={Minsky, Marvin and Papert, Seymour},
  year={1969},
  publisher={MIT press},
  isbn={9780262130435},
  doi={10.7551/mitpress/11301.001.0001}
}

@article{cybenko1989,
  title={Approximation by superpositions of a sigmoidal function},
  author={Cybenko, George},
  journal={Mathematics of control, signals and systems},
  volume={2},
  number={4},
  pages={303--314},
  year={1989},
  publisher={Springer},
  doi={0.1007/BF02551274}
}

@article{hornik1991,
  title={Approximation capabilities of multilayer feedforward networks},
  author={Hornik, Kurt},
  journal={Neural networks},
  volume={4},
  number={2},
  pages={251--257},
  year={1991},
  publisher={Elsevier},
  doi={10.1016/0893-6080(91)90009-T}
}

@article{rumelhart1986,
  title={Learning representations by back-propagating errors},
  author={Rumelhart, David E and Hinton, Geoffrey E and Williams, Ronald J},
  journal={Nature},
  volume={323},
  number={6088},
  pages={533--536},
  year={1986},
  publisher={Nature Publishing Group},
  doi={10.1038/323533a0}
}

@article{hochreiter1997,
  title={Long short-term memory},
  author={Hochreiter, Sepp and Schmidhuber, J\"urgen},
  journal={Neural computation},
  volume={9},
  number={8},
  pages={1735--1780},
  year={1997},
  publisher={MIT Press},
  doi={10.1162/neco.1997.9.8.1735}
}

@article{lecun1998,
  title={Gradient-based learning applied to document recognition},
  author={LeCun, Yann and Bottou, LÃ©on and Bengio, Yoshua and Haffner, Patrick},
  journal={Proceedings of the IEEE},
  volume={86},
  number={11},
  pages={2278--2324},
  year={1998},
  publisher={IEEE},
  doi={10.1109/5.726791}
}

@article{kingma2014adam,
  title={Adam: A method for stochastic optimization},
  author={Kingma, Diederik P and Ba, Jimmy},
  journal={arXiv preprint arXiv:1412.6980},
  year={2014},
  doi={10.48550/arXiv.1412.6980}
}

@article{kingma2013vae,
  title={Auto-encoding variational bayes},
  author={Kingma, Diederik P and Welling, Max},
  journal={arXiv preprint arXiv:1312.6114},
  year={2013},
  doi={10.48550/arXiv.1312.6114}
}

@inproceedings{glorot2010,
  title={Understanding the difficulty of training deep feedforward neural networks},
  author={Glorot, Xavier and Bengio, Yoshua},
  booktitle={Proceedings of the thirteenth international conference on artificial intelligence and statistics},
  pages={249--256},
  year={2010},
  organization={JMLR Workshop and Conference Proceedings},
  url={http://proceedings.mlr.press/v9/glorot10a.html}
}

@inproceedings{nair2010,
  title={Rectified linear units improve restricted boltzmann machines},
  author={Nair, Vinod and Hinton, Geoffrey E},
  booktitle={Proceedings of the 27th international conference on machine learning (ICML-10)},
  pages={807--814},
  year={2010},
  url={https://icml.cc/Conferences/2010/papers/432.pdf}
}

%1
@online{vae,
 author  = "Emrick Sinitambirivoutin",
 title   = "An Introduction to Variational Auto Encoders (VAEs)",
 year    = "2020",
 urlseen = "07-05-2021",
 url     = "https://towardsdatascience.com/an-introduction-to-variational-auto-encoders-vaes-803ddfb623df",
}
